<?xml version="1.0" encoding="UTF-8"?><record xmlns="http://www.loc.gov/MARC21/slim" xmlns:cinclude="http://apache.org/cocoon/include/1.0" xmlns:zs="http://www.loc.gov/zing/srw/">
  <leader>00814cz  a2200145n  4500</leader>
  <controlfield tag="001">no 96052610 </controlfield>
  <controlfield tag="003">DLC</controlfield>
  <controlfield tag="005">20120623074942.0</controlfield>
  <controlfield tag="008">961010n| acannaab           |n aaa     c</controlfield>
  <datafield tag="010" ind1=" " ind2=" ">
    <subfield code="a">no 96052610 </subfield>
  </datafield>
  <datafield tag="035" ind1=" " ind2=" ">
    <subfield code="a">(OCoLC)oca04180883</subfield>
  </datafield>
  <datafield tag="040" ind1=" " ind2=" ">
    <subfield code="a">CoU</subfield>
    <subfield code="c">CoU</subfield>
    <subfield code="d">DLC</subfield>
  </datafield>
  <datafield tag="100" ind1="1" ind2=" ">
    <subfield code="a">Walker, Paul L.</subfield>
    <subfield code="q">(Paul Lynn)</subfield>
  </datafield>
  <datafield tag="670" ind1=" " ind2=" ">
    <subfield code="a">Alleged audit and financial ... 1994:</subfield>
    <subfield code="b">(Paul L. Walker; Ph.D., Univ. of Colo.) p. iii (Walker, Paul Lynn)</subfield>
  </datafield>
  <datafield tag="670" ind1=" " ind2=" ">
    <subfield code="a">Walker, Paul L. (Paul Lynn). Improving board risk oversight through best practices, c2011:</subfield>
    <subfield code="b">t.p. (Paul L. Walker) p. x (Ph.D., CPA; prof., assoc. prof., accounting, Univ. of Virginia's McIntire Sch. of Commerce and dir., PricewaterhouseCoopers Center for Innovation in Professional Services; served as visiting fellow, London Sch. of Economics; consultant to Fortune 500 companies, etc.)</subfield>
  </datafield>
</record>